4456 5738
157 180 300 299 28'

17 408 24 415 ⁸
155 416 356 518 Nicephori
388 415 581 516 Chattoph.
614 412 661 490 de
691 410 857 488 solvendi
885 429 922 486 et
943 409 1090 512 legendi

204 539 402 637 potestate,
431 534 475 609 ad
495 532 661 607 eundem
684 530 926 627 Theodosium.
958 520 978 559 '

248 675 335 750 Mag.
350 674 416 729 titt.
435 674 471 730 V.
488 674 517 727 Ρ.
534 672 569 727 Τ.
588 673 614 726 3.
632 690 660 746 p.
676 670 737 742 146.

160 819 299 894 Odonis
323 816 437 916 episc.
453 814 557 888 Cam.
575 813 661 888 libri
685 813 707 886 3
726 813 772 886 de
795 826 950 911 peccato
978 811 1094 921 origi-

204 935 301 1010 nali:
334 933 382 1007 de
402 931 636 1032 blasphemia
664 931 702 1002 in
724 929 900 1030 spiritum
923 927 1092 1005 sanctum

205 1053 302 1128 siber
317 1077 427 1126 unus.

251 1192 329 1249 eset.
348 1191 435 1247 Mox.
454 1191 485 1252 Ρ.
501 1188 536 1245 Τ.
556 1202 600 1242 21.
621 1206 650 1263 p.
666 1201 729 1260 227.

164 1336 344 1440 Opuscula
361 1331 573 1432 dogmatica
595 1346 772 1406 veterum
792 1328 962 1429 quinque
978 1326 1091 1428 scrip-

203 1470 347 1528 torum.

185 1584 212 1636 -’
256 1590 407 1650 sirmondi
420 1607 550 1666 operum.
572 1590 609 1643 T.
628 1607 649 1642 1.
668 1606 697 1662 p.
717 1584 861 1642 soraee.

157 1735 353 1836 Paschasiz‘
373 1733 563 1810 Cardinal.
585 1730 672 1803 libri
692 1757 714 1803 2
733 1730 780 1804 de
796 1712 930 1830 spiritu
954 1725 1089 1802 sancto.

249 1874 329 1931 nter.
344 1871 433 1930 arax.
452 1875 481 1930 r.
503 1871 539 1929 r.
553 1869 580 1925 e.
597 1889 626 1945 p.
640 1864 706 1941 807.

153 2017 348 2117 Pelegrr'm‘
367 2015 440 2091 five
466 2012 660 2113 Peregniri
678 2011 791 2111 episc.
809 2010 925 2086 Laur.
940 2007 1090 2111 symbo-

157 2156 160 2162 ·
203 2136 285 2208 lum
307 2131 406 2208 fidei.

248 2271 328 2329 nse.
346 2272 384 2335 r.
404 2268 571 2346 17.p.45a

155 2418 300 2493 Patami
327 2413 549 2525 (Dtbnysz'i)
576 2439 674 2513 opus
692 2411 738 2486 de
753 2406 978 2509 theologicis
999 2409 1089 2511 dog·
1115 2402 1118 2407 ’
1178 2456 1181 2463 -

201 2534 376 2610 metibus.
401 2530 525 2608 Tomi.
534 2533 570 2608 6.
585 2532 674 2605 Vol.
693 2530 727 2606 3.
754 2531 839 2604 Ant.
870 2527 1016 2628 17oo.s.

157 2674 261 2749 Petri
290 2674 397 2759 Diae.
423 2671 520 2747 liber
548 2671 597 2746 de
625 2668 884 2745 incarnatione
907 2684 946 2743 et
969 2665 1089 2767 gratia

205 2784 349 2888 Chresti.

244 2931 324 2987 Birt.
341 2930 429 2986 Mox.
446 2930 475 2985 Ρ.
495 2928 530 2985 T.
550 2947 577 3006 9.
594 2949 624 3005 p.
644 2924 703 3005 196.

149 3115 201 3133 -
230 3074 378 3174 (Episc.
400 3072 622 3170 Medzolan.)
660 3072 783 3167 oratio
806 3070 974 3172 probans
999 3096 1088 3172 pro-

199 3189 402 3265 cessionem
419 3188 457 3263 8.
474 3188 637 3288 spiritus‚
657 3194 790 3287 g'raece
807 3205 846 3264 et
861 3188 986 3263 latine.

240 3329 349 3384 Leonis
367 3327 465 3382 Asatr'r'
484 3325 634 3402 scriptores
649 3329 782 3401 graeciae
801 3325 988 3383 orthodoxae.
1004 3324 1040 3390 T.
1062 3349 1084 3385 1.

247 3439 279 3498 r·
294 3420 441 3497 ³⁷e·4¹s·

152 3585 238 3662 Pici
259 3585 341 3682 (Jo.
358 3582 512 3687 Franc.)
532 3586 770 3661 theoremata
782 3609 946 3660 numero
963 3585 1085 3661 XXV.

201 3703 338 3781 deside
355 3718 393 3780 et
410 3703 546 3780 ordine
572 3702 763 3803 credendi.

247 3844 324 3903 Eius
340 3861 430 3920 opera
442 3840 495 3900 lib.
513 3863 538 3906 1.
553 3844 592 3905 Τ.
610 3859 637 3899 2.
657 3862 686 3919 p.
704 3841 768 3914 114.

150 4008 344 4112 Radulphz'
365 4010 412 4086 de
440 4011 552 4098 loeo.-
577 4008 719 4107 Decan.
741 4008 886 4108 Tungr.
905 4007 952 4082 de
972 4020 1066 4083 cano

197 4152 294 4204 num
311 4127 567 4245 observantia,
594 4125 703 4203 liber.

245 4269 341 4343 urg..
354 4265 426 4325 stu.
442 4271 472 4324 s.
488 4269 521 4328 r.
540 4268 578 4330 r.
593 4267 621 4340 4.
636 4286 665 4343 p.
681 4263 745 4342 ⁶9³·

115 4423 121 4429 ’
149 4408 344 4485 Ηαίναηινὶ
380 4411 454 4487 sire
479 4413 667 4487 Bertramz'
682 4410 729 4486 de
747 4409 1084 4511 praedestinatione

151 4524 154 4529 ⁸
198 4528 293 4614 Dei,
319 4528 406 4603 libri
423 4528 513 4608 duo.

242 4667 322 4724 etot
339 4668 428 4725 Mor.
453 4670 484 4729 P.
500 4670 538 4729 T.
552 4670 598 4732 15.
617 4689 645 4745 p.
662 4671 726 4742 442.
839 4755 844 4763 Ι

150 4811 378 4916 Raynoudus
417 4796 642 4917 (Theoph.)
686 4779 738 4889 de
756 4817 889 4914 angelo
915 4813 1084 4900 custode.

199 4930 313 5033 eique
348 4928 582 5031 antistropbo
610 4932 709 5006 malo
742 4933 865 5032 genio.
914 4933 1085 5006 Ezbsdem

200 5074 373 5151 operum.
397 5048 444 5126 T.
459 5077 494 5152 9.
520 5049 568 5124 N.
585 5050 622 5126 6.
646 5091 694 5108 -·
720 5049 767 5127 de
783 5050 1085 5152 apparitionibus

890 227 1130 291 Tnttotoott
1154 227 1413 289 DOGMATICA.

1189 408 1553 485 sacramentalibus.
1585 411 1632 489 Τ.
1652 414 1685 486 6.
1711 413 1756 485 Ν.
1774 437 1808 488 2.
1832 455 1883 471 -
1908 413 2097 510 Doctrina
2177 397 2180 404 .

1215 553 1312 628 quae
1339 528 1438 603 circa
1466 529 1614 617 Deum,
1653 520 1851 630 Christum,
1885 559 1927 607 ac
1951 530 2096 611 sanctos

1201 670 1291 728 eos.
1316 645 1361 718 T.
1382 648 1434 721 15.
1461 649 1506 740 Ν.
1527 675 1557 721 1.
1584 689 1628 707 -·
1655 647 1869 737 Doctrina.
1884 677 1983 751 quae
1999 650 2099 728 circa

1216 761 1341 863 media
1361 761 1488 838 salutis
1513 767 1685 850 nostrae,
1724 764 1954 848 sacramenta
1981 785 2019 844 et
2048 772 2099 846 sa-

1179 937 1182 942 .
1215 879 1466 955 eramentalia.
1501 881 1546 955 Τ.
1568 883 1632 983 16.
1658 882 1705 956 Ν.
1735 911 1765 959 1.
1817 928 1863 943 -
1912 884 2100 963 Doctrina

1215 1023 1312 1096 quae
1331 994 1603 1073 circarerbu‘m
1618 998 1704 1085 Dei,
1732 1015 1770 1075 et
1782 1001 1944 1078 virtutes
1960 990 2099 1080 nostra·
2189 990 2195 1003 ¹

1214 1113 1278 1187 les.
1305 1113 1351 1189 T.
1380 1116 1434 1188 16.
1460 1114 1505 1187 N.
1532 1141 1565 1190 2.
1594 1158 1638 1174 -
1665 1117 1854 1194 Doctrina
1878 1148 1975 1221 quae
2000 1121 2100 1201 circa

1213 1224 1461 1307 vitaTunctos
1484 1233 1634 1318 fideles,
1657 1235 1764 1332 jure,
1791 1263 1871 1312 non
1893 1237 2098 1333 facto‘coef

1213 1348 1310 1422 lites.
1348 1348 1395 1423 T.
1424 1350 1480 1425 15.
1506 1351 1551 1423 N.
1572 1378 1605 1425 2.
1656 1395 1702 1409 -
1735 1353 1904 1430 Exuvias
1934 1357 2099 1456 paniset

1209 1465 1306 1540 vini:
1325 1465 1371 1541 de
1392 1467 1493 1542 veris
1507 1467 1775 1557 accidentibus,
1791 1497 1870 1545 non
1890 1498 2097 1574 corpuscu-

1215 1583 1278 1671 lis,
1305 1583 1347 1657 in
1374 1585 1594 1661 eucharistia
1611 1572 1908 1677 remanentibus.
1933 1591 1980 1667 T.
1999 1593 2033 1665 6.
2048 1593 2095 1666 N.

1213 1700 1247 1774 3.
1273 1741 1321 1758 -
1347 1701 1523 1778 Gemitus
1540 1688 1739 1780 columbae
1757 1722 1796 1781 et
1806 1706 1957 1806 judiciis
1974 1708 2097 1795 seculi,

1212 1819 1274 1893 seu
1293 1814 1534 1896 damnatione
1560 1821 1728 1899 inauditi.
1755 1824 1802 1919 T.
1822 1830 1878 1914 14.
1899 1826 1948 1902 N.
1964 1852 1999 1899 2.

1163 2002 1209 2017 -
1235 1999 1286 2015 -
1310 1984 1430 2058 opera
1446 1961 1575 2035 omnia
1592 1962 1807 2061 theologica
1831 1962 1869 2037 in
1886 1961 2096 2043 novemde-

1213 2074 1287 2148 cim
1306 2092 1433 2151 tomos
1450 2076 1585 2176 digesta
1606 2105 1694 2154 cum
1715 2081 1844 2155 Tomo
1861 2109 1920 2156 20.
1946 2098 1986 2157 et
2000 2086 2095 2182 post·

1210 2192 1330 2267 humo
1354 2194 1434 2292 ejus
1458 2195 1702 2297 Apompaeum
1727 2196 1936 2273 continens.
1965 2200 2097 2275 Croco-

1212 2311 1309 2399 rr‘ae‚
1341 2314 1444 2415 1569.
1471 2313 1497 2394 s.
2081 2338 2084 2343 '

1261 2448 1404 2508 0011111130
1423 2451 1495 2509 baec
1513 2455 1668 2512 Croeorr'oe
1678 2452 1816 2511 inchoata
1833 2470 1861 2510 et
1875 2454 2016 2532 Lugduni
2030 2454 2096 2514 tini·

1258 2557 1290 2598 ta
1304 2543 1373 2605 suit.
1383 2542 1440 2601 'Du
1456 2546 1574 2605 Pindos
1589 2563 1703 2605 auteurs
1719 2547 1817 2605 eccles.
1836 2548 1872 2605 T.
1887 2542 1934 2611 18.

1161 2726 1212 2744 ·-·
1237 2728 1283 2749 -·
1310 2687 1503 2791 theologia
1519 2691 1713 2768 naturalis.

1256 2845 1287 2883 v.
1304 2827 1445 2885 Eiusdem
1461 2848 1558 2906 opera.
1575 2831 1611 2888 Τ.
1628 2831 1668 2890 V.

1160 3012 1210 3030 -
1234 3013 1284 3030 -
1307 2973 1501 3074 theologia
1523 2975 1758 3075 speculativa.

1258 3111 1336 3169 Itid.
1357 3115 1392 3171 T.
1415 3134 1439 3170 1.
1456 3131 1484 3170 st
1498 3133 1527 3174 2.

1158 3297 1206 3313 -
1234 3297 1280 3315 -
1306 3272 1487 3333 tractatus
1506 3258 1551 3333 de
1578 3258 1807 3336 eucharistia.

1257 3395 1335 3453 thid.
1355 3399 1391 3452 Τ.
1410 3398 1462 3456 vt.

1161 3540 1338 3640 Salrgnoc
1363 3543 1430 3638 (de
1453 3542 1493 3615 la
1514 3540 1638 3616 Motha
1660 3544 1837 3642 Fenelon)
1865 3547 2093 3623 demonstra·

1208 3658 1292 3733 tion
1316 3657 1362 3733 de
1390 3658 1594 3735 l’existcnce
1618 3662 1665 3737 de
1684 3663 1791 3737 Diem
1833 3665 1938 3760 1732.
1967 3684 1998 3753 8.
2092 3724 2096 3729 .
2212 3702 2217 3711 ·

1254 3796 1338 3854 Cons.
1359 3795 1394 3852 de
1410 3798 1495 3854 Bure.
1518 3799 1555 3855 N.
1574 3799 1640 3858 563.

1158 3941 1322 4016 Schmin
1350 3941 1534 4043 (Bened)
1566 3944 1672 4019 Deus
1700 3937 1884 4044 gloriosus
1903 3920 2092 4022 maximus

1206 4086 1295 4134 cum
1311 4060 1460 4136 ecclesla
1477 4061 1758 4163 triumphante,
1784 4062 1847 4139 seu
1863 4063 1910 4138 de
1931 4062 2093 4142 beatitu-

1208 4177 1296 4253 dine
1307 4184 1349 4256 'et
1365 4179 1470 4254 cultu
1479 4177 1704 4256 sanctorum.
1715 4181 1929 4280 Saltiburgi,
1941 4182 2045 4278 1733.
2056 4189 2090 4271 4.

1156 4360 1206 4376 ·-
1230 4360 1279 4375 -
1303 4316 1445 4392 librum
1470 4318 1670 4399 arbitrium
1687 4346 1776 4393 cum
1799 4320 1943 4394 artibus
1961 4320 2094 4394 huma-

1158 4473 1160 4476 *
1205 4435 1264 4510 nis
1282 4451 1321 4510 et
1338 4451 1474 4511 natura
1492 4465 1534 4511 ac
1558 4436 1773 4514 necessitate
1795 4437 1923 4535 aurisii
1946 4436 2090 4538 gratiae

1211 4552 1374 4632 divinae.
1399 4554 1491 4631 Ibid.
1521 4582 1611 4653 1722
1649 4561 1682 4645 4.

1161 4736 1211 4754 -
1241 4735 1290 4750 -
1325 4697 1486 4794 potestas
1511 4695 1675 4771 clavium
1703 4693 1777 4770 sori
1800 4692 1949 4770 interni.
1971 4693 2091 4781 ‚Ibat

1211 4841 1314 4913 1729.
1339 4822 1376 4904 4.

1159 4952 1322 5027 Severini
1340 4951 1390 5025 D.
1412 4949 1524 5052 episc.
1544 4953 1725 5055 docuina.

1256 5068 1405 5128 sirmondi
1420 5088 1548 5148 opernm.
1569 5073 1605 5130 T.
1623 5086 1651 5129 s.
1671 5090 1701 5147 p.
1719 5067 1866 5146 659·662.
