4456 5738
185 167 230 234 rt
482 238 486 249 ,
958 156 1337 220 tractatio.

285 381 368 492 'Ex
401 376 534 480 brevi
562 375 637 466 illa
652 387 900 498 collectionum
917 403 952 464 et
966 413 1109 489 opernm
1129 356 1374 489 excerptorum
1390 391 1542 480 nott'tt‘a,
1575 393 1706 488 quam
1730 376 1946 463 volumini
1971 381 2107 465 tertio

181 638 308 752 hujus
329 633 526 745 Catalogi
541 624 761 751 praemisi,
776 631 866 744 jam
884 623 1312 745 elucescit,corpora
1331 632 1474 714 omnia
1484 628 1637 766 harum
1648 632 1974 742 collectionum,
1992 665 2105 750 quae

181 897 228 980 in
244 889 388 979 nostra
407 886 678 978 bibliotheca
696 882 987 992 asservantur,
1005 905 1130 970 tanta
1146 887 1425 973 accuratione
1450 885 1571 988 suisle
1589 909 1819 1006 excerpta,
1845 892 1901 1003 in¹
1919 887 2104 1000 systema

169 1102 379 1256 redacta,
393 1147 597 1261 notisque
613 1112 780 1270 idoneis
798 1139 1028 1252 illustrata,
1046 1162 1096 1228 ut
1113 1143 1314 1246 omnibus
1336 1164 1383 1247 et
1400 1099 1656 1261 praesertim
1671 1146 1743 1252 iis,
1763 1147 1920 1261 quibus
1936 1143 2104 1235 biblio·
2134 1186 2145 1217 ·-

176 1408 407 1495 thecarum
424 1436 526 1490 cura
543 1401 787 1543 incumbit,
804 1433 895 1488 non
911 1431 1067 1518 parum
1083 1401 1186 1488 inde
1203 1403 1444 1512 commodi,
1460 1405 1748 1547 utilitatisque
1766 1404 1821 1490 ad
1845 1405 2104 1495 evitandum
2118 1527 2123 1533 Ι
2156 1498 2164 1512 ,

175 1652 390 1786 temporis
409 1630 692 1779 dispendium*
704 1634 909 1772 emergat.
1025 1780 1030 1788 .

292 2158 392 2274 Quo
404 2156 586 2335 magis
547 2168 707 2317 autem
723 2146 899 2243 saeculo
913 2154 1048 2240 tertio
1046 2148 1455 2331 mtaplu
1418 2096 1795 2257 ¹(illectionum
1738 2176 1783 2243 et
1792 2187 1985 2343 operum
2000 2186 2098 2264 mo·
2155 2215 2159 2219 ‹

1541 2310 1662 2359 «turm
1660 2299 1761 2357 wer

62 2399 72 2497 ζ
170 2417 261 2503 les
246 2446 338 2533 Jam
353 2400 589 2522 accresclt
599 2413 647 2500 ‘et
662 2364 756 2528 q'u'b·
767 2410 922 2529 plures
941 2500 1095 2536 ἃ
1180 2412 1265 2500 ’(10
1288 2392 1419 2505 hnc
1408 2402 1549 2505 nouo
1554 2408 1785 2526 systemate
1815 2348 2098 2501 difficultates
2142 2397 2150 2412 ⁰

167 2668 213 2760 se
238 2674 430 2795 objicere
467 2666 696 2778 videntur,
741 2641 794 2775 eo
824 2668 961 2784 majus
989 2658 1174 2790 studium
1200 2670 1255 2756 ad
1279 2647 1350 2757 eas
1375 2576 1675 2799 semovendas
1692 2615 1939 2759 adhibitum
1971 2667 2094 2757 soille

166 2936 351 3050 quisque
364 2926 624 3050 perspiciet,
643 2931 718 3015 cui
733 2959 816 3015 nec
833 2931 1025 3044 cognitio
1042 2903 1125 3017 nec
1144 2932 1387 3046 ingenium,
1413 2926 1684 3039 nec-animus
1707 2931 1763 3018 ad
1782 2929 1994 3046 ejusmodi
2009 2959 2092 3016 vo·

169 3183 437 3276 luminosum
454 3217 566 3307 opus
584 3217 705 3276 nova
720 3185 932 3272 methodo
950 3188 1310 3304 pertractandum
1327 3185 1458 3276 deest.

281 3678 544 3772 Perlustrent
562 3684 695 3771 modo
712 3685 984 3789 litteraturae
1002 3640 1218 3770 amatores
1236 3678 1331 3768 suos
1359 3684 1602 3799 catalogos,
1629 3684 1838 3798 indagent
1865 3677 1997 3767 etiam
2023 3684 2092 3766 in·

92 3960 96 3966 '
164 3942 282 4033 dices
309 3944 492 4028 aliarum
522 3942 923 4050 bibliothecarum,
956 3937 1206 4028 consultent
1237 3943 1325 4027 imo
1356 3937 1484 4027 illum
1516 3886 1817 4055 catalogorum
1843 3941 2091 4046 cumulum,

44 4324 53 4330 -
140 4169 296 4316 'quern
325 4196 512 4317 ipsemet
537 4199 779 4315 adjumenti
807 4194 939 4284 instar
970 4202 1018 4299 in
1056 4200 1354 4287 voluminibus
1386 4144 1752 4318 praecedentibus
1787 4192 2009 4304 indicavi,
2045 4215 2091 4283 et
2190 4273 2194 4280 .

159 4458 459 4575 perpendant,
479 4477 629 4544 utrum
644 4460 719 4548 vel
736 4454 1017 4557 centesimam
1032 4400 1207 4576 partem
1226 4458 1403 4544 illorum
1422 4476 1733 4574 excerptorum
1757 4455 1961 4570 detegere
1986 4449 2089 4573 pos-

51 4769 59 4789 κ
160 4711 258 4826 sint,
280 4747 392 4831 quae
402 4718 447 4800 in
455 4714 540 4801 hoc
556 4711 685 4823 etsub
696 4699 974 4859 sequentibus
984 4717 1281 4805 voluminibus
1292 4715 1418 4830 hujus
1428 4717 1614 4831 catalogi
1631 4712 1719 4815 sese
1739 4710 1950 4819 offerunt3
1970 4731 2091 4799 certe

161 4977 315 5063 eorum
332 4969 540 5084 assensum
556 5004 648 5062 non
663 4968 753 5061 fine
768 4921 927 5060 fiducia
942 4973 1049 5060 mihi
1064 4972 1302 5091 promitto,
1319 5003 1411 5059 non
1426 4972 1497 5058 hic
1524 4974 1579 5060 de
1597 4915 1855 5060 exhibendis
1873 4967 2014 5058 solum
2036 4972 2090 5056 li·
