4456 5738
932 138 1334 201 'palarmo
1947 205 1953 221 ,
2075 152 2105 212 v
2170 218 2174 225 ἢ

182 357 365 447 brorum
391 373 467 439 aut
494 327 807 441 collectionum
830 354 991 461 titulis,
1027 349 1101 441 sed
1133 357 1281 471 potius
1307 354 1362 442 de
1389 353 1640 445 recensione
1675 377 1986 448 contentorum
2010 369 2100 481 agi,
2174 411 2178 418 ·

179 644 339 729 meque
355 611 457 696 huic
478 613 703 725 catalogo,
720 610 876 730 utpote
893 611 979 699 hoc
1002 608 1204 730 respectu
1219 612 1420 732 hucdum¹
1432 610 1565 702 unico
1593 647 1686 703 non
1710 619 1809 734 plus
1838 616 2096 733 attribuisse,

177 901 311 988 quam
326 901 395 966 res
413 864 507 987 ipsa
523 865 716 955 testatur.

207 1476 215 1505 x
295 1366 514 1486 Quilibet,
531 1368 608 1483 qui
622 1365 739 1451 hunc
757 1367 1003 1482 catalogum
1017 1366 1411 1485 bibliographicum
1431 1364 1677 1455 consultum
1693 1374 1865 1480 veniet,
1890 1375 1936 1457 iu
1954 1404 2097 1463 novos

172 1627 313 1716 omnis
332 1626 500 1768 generis
517 1619 799 1710 scientiarum
815 1643 1027 1712 tractatus
1042 1643 1088 1711 et
1104 1628 1496 1712 commentationes
1521 1627 1707 1735 incidet,
1733 1657 1867 1748 quae,
1893 1631 2093 1742 quamvis

168 1885 260 1999 jam
287 1877 337 1968 in
356 1881 614 1999 corporibus
631 1900 707 1967 aut
725 1838 1062 1980 collectionibus
1085 1883 1321 1997 majoribus
1344 1877 1444 1968 suae
1462 1883 1760 1971 bibliothecae
1777 1865 1985 1995 laterent,
2007 1882 2091 2004 ipsi

171 2158 321 2226 tamen
356 2140 531 2254 ignotae
569 2137 759 2224 fuerant.
798 2137 1034 2252 Theologi,
1071 2134 1343 2255 Philosophi,
1381 2138 1688 2225 Mathematici
1698 2186 1718 2248 ,·
1741 2141 1926 2259 Medici,
1956 2145 2093 2236 Juris·

29 2418 34 2425 ’
171 2390 383 2504 consulti,
412 2328 605 2503 Politici,
636 2389 860 2504 Historici‚
892 2390 1166 2542 Geographi,
1198 2361 1488 2511 Chronologi,
1518 2391 1708 2503 Milites,
1739 2413 1835 2480 tum
1866 2417 1911 2482 et
1939 2393 1995 2506 ii,
2013 2393 2092 2515 qui

170 2648 481 2739 mansuetiores
512 2648 650 2738 musas
688 2646 970 2761 insectantur,
1007 2654 1166 2740 Poetae
1205 2672 1251 2738 et
1291 2655 1513 2759 Oratores,
1545 2655 1677 2739 immo
1711 2656 1844 2739 etiam
1872 2654 2089 2741 bonarum

167 2897 327 2980 artium
364 2913 600 3003 amatores,
644 2925 732 2981 uno
770 2895 933 3002 verbo,
972 2913 1192 3012 quotquot
1229 2888 1498 2979 insolentiis
1530 2912 1575 2978 et
1618 2887 1783 2979 artibus
1824 2897 2088 3009 quibuscun-

163 3182 249 3267 que
279 3153 515 3268 praecipue
545 3154 592 3237 in
621 3146 760 3237 studio
790 3150 1089 3237 machinarum
1121 3169 1166 3237 et
1195 3152 1596 3268 experimentorum
1634 3146 1883 3260 versantur,
1922 3152 1994 3238 hic
2033 3154 2089 3239 ad

115 3500 120 3507 ,
155 3409 386 3525 ¹ingenium
417 3410 735 3497 excercendum
764 3439 884 3499 nova
913 3428 959 3496 et
987 3410 1108 3527 prius
1139 3405 1257 3525 quast
1287 3406 1456 3526 sepulta
1485 3402 1711 3527 reperient
1741 3409 2005 3525 adjumenta.
2057 3388 2059 3392 Α
2188 3450 2207 3473 =

281 3907 408 3993 Haec
437 3904 547 3992 mihi
583 3908 841 4025 praeprimis
871 3901 1043 3992 stimulo
1074 3906 1218 4011 luere,
1233 3922 1287 3989 ut
1323 3899 1493 3988 nostrae
1508 3899 1807 3990 bibliothecae
1838 3906 2095 4018 catalogum·

273 4075 292 4111 ol

163 4164 215 4253 ab
247 4168 341 4259 aliis
373 4167 464 4252 sere
497 4165 697 4252 omnibus
742 4160 991 4250 distinctum
1026 4164 1195 4281 publici
1237 4164 1344 4275 juris
1387 4162 1607 4266 facerem,
1655 4189 1910 4274 novumque
1947 4162 2080 4275 plane

25 4538 27 4547 Ι
159 4417 341 4533 systema
357 4422 757 4540 bibliographicum
774 4421 811 4536 *l
832 4426 923 4539 'per
953 4439 1163 4538 excerpta
1192 4437 1395 4508 veterum
1427 4388 1477 4502 οῖ’
1508 4417 1806 4511 recentiorum
1845 4444 2080 4533 corporum

316 4820 348 4896 ')
364 4794 540 4881 'Certe'me
556 4839 622 4882 nou
637 4817 829 4905 poeniteat,
851 4833 969 4880 novam
987 4815 1084 4877 etiam
1098 4811 1289 4877 divisionem
1305 4810 1340 4872 in
1357 4810 1574 4896 descriptione
1590 4808 1856 4873 incunabulorum
1875 4807 1991 4872 saeculi
2010 4810 2077 4897 pri·

391 4976 437 5038 mi
458 4973 688 5064 typographici
710 4971 820 5060 quoad
841 4969 1013 5061 periodum
1039 4966 1347 5054 Gumobargioam,
1380 4968 1639 5042 Meotcllooom,
1673 4979 1707 5029 et
1732 4965 1892 5029 Aldinam
1917 4962 2076 5041 statuisse,
2200 5040 2203 5045 q
